@misc{Intrinsic,
mendeley-groups = {Other},
title = {{QuiddiKey - Intrinsic ID | Home of PUF Technology}},
url = {https://www.intrinsic-id.com/products/quiddikey/},
urldate = {2020-11-17}
}
@misc{NXP,
mendeley-groups = {Other},
title = {{Search | NXP}},
url = {https://www.nxp.com/search?keyword=AN12292{\&}start=0},
urldate = {2020-11-17}
}
@misc{Microsemi,
mendeley-groups = {Other},
title = {{Libero SoC v11.6 Resources Archive | Microsemi}},
url = {https://www.microsemi.com/product-directory/design-resources-archive/5086-libero-soc-v11-6-resources-archive},
urldate = {2020-11-17}
}


%% What is a PUF?
@book{Tuyls2007,
author = {Tuyls, Pim and {\v{S}}kori{\'{c}}, Boris and Kevenaar, Tom},
booktitle = {Security with Noisy Data: On Private Biometrics, Secure Key Storage and Anti-Counterfeiting},
doi = {10.1007/978-1-84628-984-2},
file = {:C$\backslash$:/Users/asasantana/AppData/Local/Mendeley Ltd./Mendeley Desktop/Downloaded/Tuyls, {\v{S}}kori{\'{c}}, Kevenaar - 2007 - Security with noisy data On private biometrics, secure key storage and anti-counterfeiting.pdf:pdf},
isbn = {9781846289835},
mendeley-groups = {What is a PUF?},
pages = {1--339},
publisher = {Springer London},
title = {{Security with noisy data: On private biometrics, secure key storage and anti-counterfeiting}},
year = {2007}
}
@article{Pappu2002,
author = {Pappu, Ravikanth and Recht, Ben and Taylor, Jason and Gershenfeld, Neil},
doi = {10.1126/science.1074376},
issn = {00368075},
journal = {Science},
mendeley-groups = {What is a PUF?},
number = {5589},
pages = {2026--2030},
publisher = {American Association for the Advancement of Science},
title = {{Physical one-way functions}},
volume = {297},
year = {2002}
}
@book{Bohm2013,
address = {New York, NY},
author = {B{\"{o}}hm, Christoph and Hofer, Maximilian},
doi = {10.1007/978-1-4614-5040-5},
file = {:C$\backslash$:/Users/asasantana/AppData/Local/Mendeley Ltd./Mendeley Desktop/Downloaded/B{\"{o}}hm, Hofer - 2013 - Physical Unclonable Functions in Theory and Practice.pdf:pdf},
isbn = {978-1-4614-5039-9},
mendeley-groups = {ECC,General PUF,What is a PUF?},
pages = {300},
publisher = {Springer New York},
title = {{Physical Unclonable Functions in Theory and Practice}},
url = {http://link.springer.com/10.1007/978-1-4614-5040-5},
year = {2013}
}
@book{Xu2015,
author = {Xu, Teng and Potkonjak, Miodrag},
booktitle = {Secure System Design and Trustable Computing},
doi = {10.1007/978-3-319-14971-4_3},
file = {:C$\backslash$:/Users/asasantana/AppData/Local/Mendeley Ltd./Mendeley Desktop/Downloaded/Xu, Potkonjak - 2015 - Secure System Design and Trustable Computing.pdf:pdf;:C$\backslash$:/Users/asasantana/AppData/Local/Mendeley Ltd./Mendeley Desktop/Downloaded/Xu, Potkonjak - 2015 - Secure System Design and Trustable Computing(2).pdf:pdf},
isbn = {9783319149714},
mendeley-groups = {ECC,General PUF,What is a PUF?},
title = {{Secure System Design and Trustable Computing}},
year = {2015}
}
@article{Herder2014,
author = {Herder, Charles and Yu, Meng Day and Koushanfar, Farinaz and Devadas, Srinivas},
doi = {10.1109/JPROC.2014.2320516},
file = {:C$\backslash$:/Users/asasantana/AppData/Local/Mendeley Ltd./Mendeley Desktop/Downloaded/Herder et al. - 2014 - Physical unclonable functions and applications A tutorial.pdf:pdf},
issn = {00189219},
journal = {Proceedings of the IEEE},
keywords = {Arbiter,SRAM,index-based coding,pattern matching,physical unclonable function (PUF),public model PUFs,ring oscillator,unclonable},
mendeley-groups = {ECC,General PUF},
number = {8},
pages = {1126--1141},
publisher = {IEEE},
title = {{Physical unclonable functions and applications: A tutorial}},
volume = {102},
year = {2014}
}
@article{Delvaux2015,
author = {Delvaux, Jeroen and Gu, Dawu and Schellekens, Dries and Verbauwhede, Ingrid},
doi = {10.1109/TCAD.2014.2370531},
file = {:C$\backslash$:/Users/asasantana/Desktop/article-2494.pdf:pdf},
issn = {02780070},
journal = {IEEE Transactions on Computer-Aided Design of Integrated Circuits and Systems},
keywords = {helper data algorithm,key generation,physically unclonable function},
mendeley-groups = {ECC},
number = {6},
pages = {889--902},
title = {{Helper data algorithms for puf-based key generation: Overview and analysis}},
volume = {34},
year = {2015}
}
@book{Daemen,
author = {Daemen, Joan and Rijmen, Vincent},
title = {The  Design of Rijndael},
year = {2002},
isbn = {3540425802},
publisher = {Springer-Verlag},
address = {Berlin, Heidelberg}
}
@book{Stallings,
author = {Stallings, William},
title = {Network Security Essentials: Applications and Standards},
year = {2010},
isbn = {0136108059},
publisher = {Prentice Hall Press},
address = {USA},
edition = {4th}
}
  @article{bennett1997strengths,
  title={Strengths and weaknesses of quantum computing},
  author={Bennett, Charles H and Bernstein, Ethan and Brassard, Gilles and Vazirani, Umesh},
  journal={SIAM journal on Computing},
  volume={26},
  number={5},
  pages={1510--1523},
  year={1997},
  publisher={SIAM}
}
@book{salomaa2013public,
  title={Public-key cryptography},
  author={Salomaa, Arto},
  year={2013},
  publisher={Springer Science \& Business Media}
}



@article{Satpathy2018,
author = {Satpathy, Sudhir and Mathew, Sanu and Suresh, Vikram and Anders, Mark and Kaul, Himanshu and Agarwal, Amit and Hsu, Steven and Krishnamurthy, Ram and De, Vivek},
doi = {10.1109/VLSIC.2018.8502369},
file = {:C$\backslash$:/Users/asasantana/Downloads/08502369.pdf:pdf},
isbn = {9781538667002},
journal = {IEEE Symposium on VLSI Circuits, Digest of Technical Papers},
mendeley-groups = {General PUF,Selection},
pages = {169--170},
publisher = {IEEE},
title = {{An All-Digital Unified Static/Dynamic Entropy Generator Featuring Self-Calibrating Hierarchical von Neumann Extraction for Secure Privacy-Preserving Mutual Authentication in IoT Mote Platforms}},
volume = {2018-June},
year = {2018}
}

@article{Maurya2018,
author = {Maurya, Pramod Kumar and Bagchi, Satya},
doi = {10.1007/s11277-018-5875-2},
file = {:C$\backslash$:/Users/asasantana/AppData/Local/Mendeley Ltd./Mendeley Desktop/Downloaded/Maurya, Bagchi - 2018 - A Secure PUF-Based Unilateral Authentication Scheme for RFID System.pdf:pdf},
issn = {1572834X},
journal = {Wireless Personal Communications},
keywords = {Authentication protocol,Error-correcting code,Hash function,PUF,Privacy,RFID system,Security},
mendeley-groups = {General PUF},
number = {2},
pages = {1699--1712},
publisher = {Springer US},
title = {{A Secure PUF-Based Unilateral Authentication Scheme for RFID System}},
url = {https://doi.org/10.1007/s11277-018-5875-2},
volume = {103},
year = {2018}
}

@article{Gao2020,
author = {Gao, Yansong and Al-Sarawi, Said F and Abbott, Derek},
doi = {10.1038/s41928-020-0372-5},
issn = {2520-1131},
journal = {Nature Electronics},
mendeley-groups = {General PUF},
number = {2},
pages = {81--91},
title = {{Physical unclonable functions}},
volume = {3},
year = {2020}
}

@article{Rukhin2010,
author = {Rukhin, Andrew and Soto, Juan and Nechvatal, James},
file = {:C$\backslash$:/Users/asasantana/Documents/906762.pdf:pdf},
journal = {Nist Special Publication},
keywords = {Bibliograf{\'{i}}a anotada,Lista Filtrada},
mendeley-groups = {Other},
number = {April},
pages = {1/1----G/1},
title = {{A Statistical Test Suite for Random and Pseudorandom Number Generators for Cryptographic Applications}},
url = {http://csrc.nist.gov/groups/ST/toolkit/rng/documents/SP800-22rev1a.pdf},
volume = {22},
year = {2010}
}

@article{Rahman2016,
author = {Rahman, Md Tauhidur and Rahman, Fahim and Forte, Domenic and Tehranipoor, Mark},
doi = {10.1109/TETC.2015.2474741},
file = {:C$\backslash$:/Users/asasantana/AppData/Local/Mendeley Ltd./Mendeley Desktop/Downloaded/Rahman et al. - 2016 - An Aging-Resistant RO-PUF for Reliable Key Generation.pdf:pdf},
issn = {21686750},
journal = {IEEE Transactions on Emerging Topics in Computing},
keywords = {PUF reliability,Physically unclonable function (PUF),aging-resistant PUF (ARO-PUF),ring oscillator (RO) PUF,robust PUF},
mendeley-groups = {Aging/Temperature},
number = {3},
pages = {335--348},
publisher = {IEEE Computer Society},
title = {{An Aging-Resistant RO-PUF for Reliable Key Generation}},
volume = {4},
year = {2016}
}




@book{chen2016report,
  title={Report on post-quantum cryptography},
  author={Chen, Lily and Chen, Lily and Jordan, Stephen and Liu, Yi-Kai and Moody, Dustin and Peralta, Rene and Perlner, Ray and Smith-Tone, Daniel},
  volume={12},
  year={2016},
  publisher={US Department of Commerce, National Institute of Standards and Technology}
}


@misc{TPM,
mendeley-groups = {What is a PUF?},
title = {{Trusted Platform Module (TPM) Summary | Trusted Computing Group}},
url = {https://trustedcomputinggroup.org/resource/trusted-platform-module-tpm-summary/},
urldate = {2020-11-06}
}


%% Implementations 

@incollection{Maes2010,
author = {Maes, Roel and Verbauwhede, Ingrid},
booktitle = {Information Security and Cryptography},
doi = {10.1007/978-3-642-14452-3_1},
file = {:C$\backslash$:/Users/asasantana/Desktop/TFM/Physically{\_}Unclonable{\_}Functions{\_}A{\_}Study{\_}on{\_}the{\_}Sta.pdf:pdf},
issn = {2197845X},
mendeley-groups = {General PUF},
number = {9783642143120},
pages = {3--37},
publisher = {Springer International Publishing},
title = {{Physically unclonable functions: A study on the state of the art and future research directions}},
year = {2010}
}
@article{McGrath2019,
doi = {10.1063/1.5079407},
file = {:C$\backslash$:/Users/asasantana/Downloads/1.5079407.pdf:pdf},
issn = {19319401},
journal = {Applied Physics Reviews},
mendeley-groups = {General PUF},
number = {1},
title = {{A PUF taxonomy}},
volume = {6},
year = {2019}
}


@inproceedings{Tuylsoptic,
author = {Tuyls, Pim and Skoric, Boris},
year = {2006},
month = {01},
pages = {30-37},
title = {Physical Unclonable Functions for enhanced security of tokens and tags},
doi = {10.1007/978-3-8348-9195-2_4}
}

@article{Rhrmair2013OpticalPR,
  title={Optical pufs reloaded},
  author={R{\"u}hrmair, Ulrich and Hilgers, Christian and Urban, Sebastian and Weiersh{\"a}user, Agnes and Dinter, Elias and Forster, Brigitte and Jirauschek, Christian},
  journal={Eprint. Iacr. Org},
  year={2013}
}


@article{paperpuf,
author = {Buchanan, James and Cowburn, Russell and Jausovec, Ana-Vanessa and Petit, Dorothee and Seem, Peter and Xiong, Gang and Atkinson, Del and Fenton, Kate and Allwood, Dan and Bryan, M.},
year = {2005},
month = {08},
pages = {475},
title = {Forgery: ‘Fingerprinting’ documents and packaging},
volume = {436},
journal = {Nature},
doi = {10.1038/436475a}
}
@inproceedings{Hammouri2009CDsHF,
  title={CDs have fingerprints too},
  author={Hammouri, Ghaith and Dana, Aykutlu and Sunar, Berk},
  booktitle={International Workshop on Cryptographic Hardware and Embedded Systems},
  pages={348--362},
  year={2009},
  organization={Springer}
}
@mastersthesis{mastersthesis,
  author       = {Vrijaldenhoven, S}, 
  title        = {Acoustical Physical Uncloneable Functions},
  school       = { Technische Universiteit Eindhoven},
  year         = 2005,
  address      = { the Netherlands}
}

@INPROCEEDINGS{Arbiter,  author={J. W. {Lee} and  {Daihyun Lim} and B. {Gassend} and G. E. {Suh} and M. {van Dijk} and S. {Devadas}},  booktitle={2004 Symposium on VLSI Circuits. Digest of Technical Papers (IEEE Cat. No.04CH37525)},   title={A technique to build a secret key in integrated circuits for identification and authentication applications},   year={2004},  volume={},  number={},  pages={176-179},}

@mastersthesis{Arbitermaster,
  author       = {Lim, D.}, 
  title        = {Extracting Secret Keys from Integrated Circuits},
  school       = { MIT},
  year         = 2004,
  address      = { USA}
}

@inproceedings{oscillatorog,
author = {Gassend, Blaise and Clarke, Dwaine and van Dijk, Marten and Devadas, Srinivas},
title = {Silicon Physical Random Functions},
year = {2002},
isbn = {1581136129},
publisher = {Association for Computing Machinery},
address = {New York, NY, USA},
doi = {10.1145/586110.586132},
booktitle = {Proceedings of the 9th ACM Conference on Computer and Communications Security},
pages = {148–160},
numpages = {13},
keywords = {identification, physical security, physical random function, tamper resistance, smartcard, unclonability},
location = {Washington, DC, USA},
series = {CCS ’02}
}
  
@article{Suh2007,
abstract = {Physical Unclonable Functions (PUFs) are innovative circuit primitives that extract secrets from physical characteristics of integrated circuits (ICs). We present PUF designs that exploit inherent delay characteristics of wires and transistors that differ from chip to chip, and describe how PUFs can enable low-cost authentication of individual ICs and generate volatile secret keys for cryptographic operations. Copyright 2007 ACM.},
author = {Suh, G. Edward and Devadas, Srinivas},
doi = {10.1109/DAC.2007.375043},
file = {:C$\backslash$:/Users/asasantana/Desktop/TFM/04261134.pdf:pdf},
isbn = {1595936270},
issn = {0738100X},
journal = {Proceedings - Design Automation Conference},
keywords = {IC authentication,Secret keys},
mendeley-groups = {General PUF},
pages = {9--14},
title = {{Physical unclonable functions for device authentication and secret key generation}},
year = {2007}
}

@inproceedings{coating,
author = {Tuyls, Pim and Schrijen, Geert and Skoric, Boris and Geloven, Jan and Verhaegh, Nynke and Wolters, Rob},
year = {2006},
month = {10},
pages = {369-383},
title = {Read-Proof Hardware from Protective Coatings},
doi = {10.1007/11894063_29}
}

@article{Xiao2014,
annote = {Spatial bias selection algorithm. If the neighbour is stable, the cell is stable.},
author = {Xiao, Kan and Rahman, Md Tauhidur and Forte, Domenic and Huang, Yu and Su, Mei and Tehranipoor, Mohammad Mark},
doi = {10.1109/HST.2014.6855578},
file = {:C$\backslash$:/Users/asasantana/AppData/Local/Mendeley Ltd./Mendeley Desktop/Downloaded/Xiao et al. - 2014 - Bit selection algorithm suitable for high-volume production of SRAM-PUF.pdf:pdf},
isbn = {9781479941148},
journal = {Proceedings of the 2014 IEEE International Symposium on Hardware-Oriented Security and Trust, HOST 2014},
mendeley-groups = {Metrics},
pages = {101--106},
publisher = {IEEE},
title = {{Bit selection algorithm suitable for high-volume production of SRAM-PUF}},
year = {2014}
}

@article{Akhundov2019,
   title={Public-Key Based Authentication Architecture for IoT Devices Using PUF},
   DOI={10.5121/csit.2019.91328},
   journal={6th International Conference on Computer Science, Engineering and Information Technology (CSEIT-2019)},
   publisher={Aircc Publishing Corporation},
   author={Akhundov, Haji and van der Sluis, Erik and Hamdioui, Said and Taouil, Mottaqiallah},
   year={2019}
}



%SRAM PUF

@inproceedings{Guajarado_og,
  title={FPGA intrinsic PUFs and their use for IP protection},
  author={Guajardo, Jorge and Kumar, Sandeep S and Schrijen, Geert-Jan and Tuyls, Pim},
  booktitle={International workshop on cryptographic hardware and embedded systems},
  pages={63--80},
  year={2007},
  organization={Springer}
}
@inproceedings{Holcomb2007InitialSS,
  title={Initial SRAM state as a fingerprint and source of true random numbers for RFID tags},
  author={Holcomb, Daniel E and Burleson, Wayne P and Fu, Kevin and others},
  booktitle={Proceedings of the Conference on RFID Security},
  volume={7},
  number={2},
  pages={01},
  year={2007}
}

@ARTICLE{Holcomb2009,  author={D. E. {Holcomb} and W. P. {Burleson} and K. {Fu}},  journal={IEEE Transactions on Computers},   title={Power-Up SRAM State as an Identifying Fingerprint and Source of True Random Numbers},   year={2009},  volume={58},  number={9},  pages={1198-1210},}


%HDAs

@article{Eiroa2012,
author = {Eiroa, S. and Castro, J. and Martinez-Rodriguez, M. C. and Tena, E. and Brox, P. and Baturone, I.},
doi = {10.1109/ICECS.2012.6463720},
file = {:C$\backslash$:/Users/asasantana/AppData/Local/Mendeley Ltd./Mendeley Desktop/Downloaded/Eiroa et al. - 2012 - Reducing bit flipping problems in SRAM physical unclonable functions for chip identification.pdf:pdf},
isbn = {9781467312615},
journal = {2012 19th IEEE International Conference on Electronics, Circuits, and Systems, ICECS 2012},
keywords = {IC identification,SRAM PUFs,hardware security},
mendeley-groups = {Aging/Temperature},
pages = {392--395},
title = {{Reducing bit flipping problems in SRAM physical unclonable functions for chip identification}},
year = {2012}
}


@article{Yu2010,
author = {Yu, Meng Day and Devadas, Srinivas},
doi = {10.1109/MDT.2010.25},
file = {:C$\backslash$:/Users/usuario/Desktop/TFM/secure-robust-ecc-puf.pdf:pdf},
issn = {07407475},
journal = {IEEE Design and Test of Computers},
mendeley-groups = {ECC},
number = {1},
pages = {48--65},
title = {{Secure and robust error correction for physical unclonable functions}},
volume = {27},
year = {2010}
}

@techreport{AES,
address = {Gaithersburg, MD},
doi = {10.6028/NIST.FIPS.197},
file = {:C$\backslash$:/Users/asasantana/AppData/Local/Mendeley Ltd./Mendeley Desktop/Downloaded/Unknown - 2001 - Advanced encryption standard (AES).pdf:pdf},
institution = {National Institute of Standards and Technology},
mendeley-groups = {Other},
title = {{Advanced encryption standard (AES)}},
url = {https://nvlpubs.nist.gov/nistpubs/FIPS/NIST.FIPS.197.pdf},
year = {2001}
}


@article{RSA,
author = {Rivest, R. L. and Shamir, A. and Adleman, L.},
title = {A Method for Obtaining Digital Signatures and Public-Key Cryptosystems},
year = {1978},
publisher = {Association for Computing Machinery},
address = {New York, NY, USA},
volume = {21},
number = {2},
issn = {0001-0782},
doi = {10.1145/359340.359342},
journal = {Commun. ACM},
month = feb,
pages = {120–126},
numpages = {7}
}

@article{Kusters2017,

author = {Kusters, Lieneke and Ignatenko, Tanya and Willems, Frans M.J. and Maes, Roel and {Van Der Sluis}, Erik and Selimis, Georgios},
doi = {10.1109/ISIT.2017.8006840},
file = {:C$\backslash$:/Users/usuario/Documents/Art{\'{i}}culos/08006840.pdf:pdf},
isbn = {9781509040964},
issn = {21578095},
journal = {IEEE International Symposium on Information Theory - Proceedings},
mendeley-groups = {ECC},
pages = {1803--1807},
title = {{Security of helper data schemes for SRAM-PUF in multiple enrollment scenarios}},
year = {2017}
}

@article{Becker2017,
author = {Becker, Georg T.},
doi = {10.1109/TDSC.2017.2762675},
file = {:C$\backslash$:/Users/usuario/Documents/Art{\'{i}}culos/2017-493.pdf:pdf},
issn = {19410018},
journal = {IEEE Transactions on Dependable and Secure Computing},
keywords = {Biometrics (access control),Cryptography,Data mining,Decoding,Helper Data Manipulation Attacks,Noise measurement,Physical Unclonable Functions (PUFs),Robust Fuzzy Extractor,Robustness},
mendeley-groups = {ECC},
pages = {1--14},
title = {{Robust Fuzzy Extractors and Helper Data Manipulation Attacks Revisited: Theory vs Practice}},
year = {2017}
}

@article{Alioto2019,
  title={Trends in Hardware Security: From basics to ASICs},
  author={M. Alioto},
  journal={IEEE Solid-State Circuits Magazine},
  year={2019},
  volume={11},
  pages={56-74}
}

@article{Dodis2004,
author = {Dodis, Yevgeniy and Ostrovsky, Rafail and Reyzin, Leonid and Smith, Adam},
file = {:C$\backslash$:/Users/asasantana/Downloads/89.pdf:pdf},
keywords = {68p25,68p30,68q99,94a17,94a60,94b35,94b99,a preliminary version of,ams subject classifications,biomet-,drs04,error-correcting codes,error-tolerance,eurocrypt 2004,fuzzy extractors,fuzzy fingerprints,metric embeddings,nonuniformity,password-based systems,randomness extractors,ric authentication,siam journal on computing,this version appears in,this work appeared in},
mendeley-groups = {HDA},
pages = {79--100},
title = {{Fuzzy extractors: How to generate strong keys from biometrics and other noisy data. Technical Report 2003/235, Cryptology ePrint archive, http://eprint.iacr.org, 2006. Previous version appeared at EUROCRYPT 2004}},
url = {http://citeseerx.ist.psu.edu/viewdoc/summary?doi=10.1.1.148.5971{\&}rank=10},
year = {2004}
}

@inproceedings{Juels1999,
address = {New York, New York, USA},
archivePrefix = {arXiv},
arxivId = {0809.1318},
author = {Juels, Ari and Wattenberg, Martin},
booktitle = {Proceedings of the 6th ACM conference on Computer and communications security - CCS '99},
doi = {10.1145/319709.319714},
eprint = {0809.1318},
file = {:C$\backslash$:/Users/asasantana/Downloads/fuzzy{\_}vault{\_}commitment (1).pdf:pdf},
isbn = {1581131488},
mendeley-groups = {HDA},
pages = {28--36},
publisher = {ACM Press},
title = {{A fuzzy commitment scheme}},
url = {http://arxiv.org/abs/0809.1318 http://portal.acm.org/citation.cfm?doid=319709.319714},
year = {1999}
}



@article{Bhargava2012,
author = {Bhargava, Mudit and Cakir, Cagla and Mai, Ken},
doi = {10.1109/HST.2012.6224314},
file = {:C$\backslash$:/Users/usuario/Documents/Art{\'{i}}culos/06224314.pdf:pdf},
isbn = {9781467323390},
journal = {Proceedings of the 2012 IEEE International Symposium on Hardware-Oriented Security and Trust, HOST 2012},
mendeley-groups = {Selection},
pages = {25--30},
publisher = {IEEE},
title = {{Reliability enhancement of bi-stable PUFs in 65nm bulk CMOS}},
year = {2012}
}


@article{Liu2017,
author = {Liu, Muqing and Zhou, Chen and Tang, Qianying and Parhi, Keshab K. and Kim, Chris H.},
doi = {10.1109/ISLPED.2017.8009192},
file = {:C$\backslash$:/Users/usuario/Documents/Art{\'{i}}culos/08009192.pdf:pdf},
isbn = {9781509060238},
issn = {15334678},
journal = {Proceedings of the International Symposium on Low Power Electronics and Design},
keywords = {Physical unclonable function,SRAM,data remanence,stable key generation},
mendeley-groups = {Selection},
title = {{A data remanence based approach to generate 100{\%} stable keys from an SRAM physical unclonable function}},
year = {2017}
}

@book{CastineiraMoreira2006,
address = {Chichester, UK},
author = {{Casti{\~{n}}eira Moreira}, Jorge and Farrell, Patrick Guy},
booktitle = {Essentials of Error-Control Coding},
doi = {10.1002/9780470035726},
file = {:C$\backslash$:/Users/asasantana/AppData/Local/Mendeley Ltd./Mendeley Desktop/Downloaded/Casti{\~{n}}eira Moreira, Farrell - 2006 - Essentials of Error-Control Coding(2).pdf:pdf},
isbn = {9780470035726},
mendeley-groups = {HDA},
pages = {1--361},
publisher = {John Wiley {\&} Sons, Ltd},
title = {{Essentials of Error-Control Coding}},
year = {2006}
}

@ARTICLE{Rachinger2015,  author={C. {Rachinger} and J. B. {Huber} and R. R. {Müller}},  journal={IEEE Transactions on Communications},   title={Comparison of Convolutional and Block Codes for Low Structural Delay},   year={2015},  volume={63},  number={12},  pages={4629-4638},  doi={10.1109/TCOMM.2015.2488661}}


@misc{operating_temperature,
mendeley-groups = {Temperature/Vdd},
title = {{Operating temperature - Wikipedia}},
url = {https://en.wikipedia.org/wiki/Operating_temperature},
urldate = {2020-11-24}
}


@article{Anagnostopoulos2018,
author = {Anagnostopoulos, Nikolaos Athanasios and Arul, Tolga and Rosenstihl, Markus and Schaller, Andre and Gabmeyer, Sebastian and Katzenbeisser, Stefan},
doi = {10.1109/DSD.2018.00102},
file = {:C$\backslash$:/Users/usuario/Documents/Art{\'{i}}culos/08491873.pdf:pdf},
isbn = {9781538673768},
journal = {Proceedings - 21st Euromicro Conference on Digital System Design, DSD 2018},
keywords = {Attack,Data remanence,Data retention,Low temperature,PUF,Physical Unclonable Function,SRAM,Static Random Access Memory},
mendeley-groups = {Selection},
pages = {581--585},
title = {{Low-temperature data remanence attacks against intrinsic SRAM PUFs}},
year = {2018}
}

@article{Taneja2019,
author = {Taneja, Sachin and Alioto, Massimo},
doi = {10.1109/ESSCIRC.2019.8902733},
file = {:C$\backslash$:/Users/usuario/Documents/Art{\'{i}}culos/08902733.pdf:pdf},
isbn = {9781728115504},
journal = {ESSCIRC 2019 - IEEE 45th European Solid State Circuits Conference},
keywords = {Hardware security,PUFs,design margin,instability reduction,low energy,sensor fusion},
mendeley-groups = {ECC},
pages = {61--64},
publisher = {IEEE},
title = {{PUF-based Key Generation with Design Margin Reduction via In-Situ and PVT Sensor Fusion}},
year = {2019}
}

@article{Bohm2011,
author = {B{\"{o}}hm, Christoph and Hofer, Maximilian and Pribyl, Wolfgang},
doi = {10.1109/ICNSS.2011.6060013},
file = {:C$\backslash$:/Users/usuario/Documents/Art{\'{i}}culos/06060013.pdf:pdf},
isbn = {9781457704598},
journal = {Proceedings - 2011 5th International Conference on Network and System Security, NSS 2011},
mendeley-groups = {General PUF},
pages = {269--273},
title = {{A microcontroller SRAM-PUF}},
year = {2011}
}

@article{Schlunder2012,
author = {Schl{\"{u}}nder, Christian and Aresu, Stefano and Georgakos, Georg and Kanert, Werner and Reisinger, Hans and Hofmann, Karl and Gustin, Wolfgang},
doi = {10.1109/IRPS.2012.6241797},
file = {:C$\backslash$:/Users/asasantana/AppData/Local/Mendeley Ltd./Mendeley Desktop/Downloaded/Schl{\"{u}}nder et al. - 2012 - HCI vs. BTI - Neither one's out.pdf:pdf},
isbn = {9781457716799},
issn = {15417026},
journal = {IEEE International Reliability Physics Symposium Proceedings},
mendeley-groups = {Aging/Temperature},
pages = {2--7},
title = {{HCI vs. BTI? - Neither one's out}},
year = {2012}
}

@article{Suh2007Aegis,
author = {Suh, G Edward and Donnell, Charles W O and Devadas, Srinivas},
file = {:C$\backslash$:/Users/usuario/Documents/Art{\'{i}}culos/04397182.pdf:pdf},
mendeley-groups = {ECC},
pages = {570--580},
title = {{Aegis : A Single-Chip Secure Processor}},
year = {2007}
}


@article{Gassend2002,
author = {Gassend, Blaise and Clarke, Dwaine and {Van Dijk}, Marten and Devadas, Srinivas},
doi = {10.1145/586131.586132},
file = {:C$\backslash$:/Users/usuario/Documents/Art{\'{i}}culos/10.1.1.297.5196.pdf:pdf},
isbn = {1581136129},
issn = {15437221},
journal = {Proceedings of the ACM Conference on Computer and Communications Security},
keywords = {Identification,Physical random function,Physical security,Smartcard,Tamper resistance,Unclonability},
mendeley-groups = {ECC},
pages = {148--160},
title = {{Silicon physical random functions}},
year = {2002}
}


@article{Bosch2008,
author = {B{\"{o}}sch, Christoph and Guajardo, Jorge and Sadeghi, Ahmad Reza and Shokrollahi, Jamshid and Tuyls, Pim},
doi = {10.1007/978-3-540-85053-3_12},
file = {:C$\backslash$:/Users/usuario/AppData/Local/Mendeley Ltd./Mendeley Desktop/Downloaded/B{\"{o}}sch et al. - 2008 - Efficient helper data key extractor on FPGAs.pdf:pdf},
isbn = {354085052X},
issn = {03029743},
journal = {Lecture Notes in Computer Science},
keywords = {FPGAs,Fuzzy Extractor,Helper Data Algorithm,Implementation,Intrinsic PUF,Physical Unclonable Functions},
mendeley-groups = {ECC,General PUF},
pages = {181--197},
title = {{Efficient helper data key extractor on FPGAs}},
volume = {5154 LNCS},
year = {2008}
}

@article{Bhargava2014,
author = {Bhargava, Mudit and Mai, Ken},
doi = {10.7873/DATE2014.083},
file = {:C$\backslash$:/Users/usuario/Documents/Art{\'{i}}culos/06800284.pdf:pdf},
isbn = {9783981537024},
issn = {15301591},
journal = {Proceedings -Design, Automation and Test in Europe, DATE},
mendeley-groups = {Selection},
publisher = {EDAA},
title = {{An efficient reliable PUF-based cryptographic key generator in 65nm CMOS}},
volume = {1},
year = {2014}
}

@article{Hiller2014,
author = {Hiller, Matthias and Sigi, Georg},
doi = {10.7873/DATE2014.084},
file = {:C$\backslash$:/Users/usuario/Documents/Art{\'{i}}culos/06800285.pdf:pdf},
isbn = {9783981537024},
issn = {15301591},
journal = {Proceedings -Design, Automation and Test in Europe, DATE},
keywords = {Data Compression,Differential Sequence Coding (DSC),FPGA,Fuzzy Extractor,Physical Unclonable Functions (PUFs),Run-Length Encoding (RLE),Syndrome Coding},
mendeley-groups = {HDA},
pages = {4--9},
publisher = {EDAA},
title = {{Increasing the efficiency of syndrome coding for PUFs with helper data compression}},
year = {2014}
}

@article{VanDerLeest2012,
author = {{Van Der Leest}, Vincent and {Van Der Sluis}, Erik and Schrijen, Geert Jan and Tuyls, Pim and Handschuh, Helena},
doi = {10.1007/978-3-642-28368-0_20},
file = {:C$\backslash$:/Users/usuario/Documents/Art{\'{i}}culos/True-Random-Number.pdf:pdf},
isbn = {9783642283673},
issn = {03029743},
journal = {Lecture Notes in Computer Science},
mendeley-groups = {General PUF},
pages = {300--318},
title = {{Efficient implementation of true random number generator based on SRAM PUFs}},
volume = {6805 LNCS},
year = {2012}
}


@incollection{Maes2009,
author = {Maes, Roel and Tuyls, Pim and Verbauwhede, Ingrid},
booktitle = {Lecture Notes in Computer Science},
doi = {10.1007/978-3-642-04138-9_24},
file = {:C$\backslash$:/Users/usuario/Documents/Art{\'{i}}culos/Maes2009{\_}Chapter{\_}Low-OverheadImplementationOfAS.pdf:pdf},
isbn = {364204137X},
issn = {03029743},
keywords = {FPGA implementation,Helper data algorithm,Physically unclonable functions,Soft-decision decoder,Toeplitz hash},
mendeley-groups = {General PUF},
pages = {332--347},
title = {{Low-overhead implementation of a soft decision helper data algorithm for SRAM PUFs}},
url = {http://link.springer.com/10.1007/978-3-642-04138-9{\_}24},
volume = {5747 LNCS},
year = {2009}
}


@article{Hiller2020,
author = {Hiller, Matthias and K{\"{u}}rzinger, Ludwig and Sigl, Georg},
doi = {10.1007/s13389-020-00223-w},
file = {:C$\backslash$:/Users/asasantana/Downloads/Hiller2020{\_}Article{\_}ReviewOfErrorCorrectionForPUFs.pdf:pdf},
issn = {21908516},
journal = {Journal of Cryptographic Engineering},
keywords = {FPGA,Fuzzy extractor,Hardware implementation,Key generation,Physical unclonable functions},
mendeley-groups = {HDA},
number = {3},
pages = {229--247},
publisher = {Springer Berlin Heidelberg},
title = {{Review of error correction for PUFs and evaluation on state-of-the-art FPGAs}},
url = {https://doi.org/10.1007/s13389-020-00223-w},
volume = {10},
year = {2020}
}
@article{VanDerLeest2012soft,
author = {{Van Der Leest}, Vincent and Preneel, Bart and {Van Der Sluis}, Erik},
doi = {10.1007/978-3-642-33027-8_16},
file = {:C$\backslash$:/Users/asasantana/Downloads/Leest2012{\_}Chapter{\_}SoftDecisionErrorCorrectionFor.pdf:pdf},
isbn = {9783642330261},
issn = {03029743},
journal = {Lecture Notes in Computer Science},
mendeley-groups = {HDA},
pages = {268--282},
title = {{Soft decision error correction for compact memory-based PUFs using a single enrollment}},
volume = {7428 LNCS},
year = {2012}
}
@article{Martinez-Rodriguez2018,
author = {Mart{\'{i}}nez-Rodr{\'{i}}guez, Macarena C. and Prada-Delgado, Miguel A. and Brox, Piedad and Baturone, Iluminada},
doi = {10.3390/s18020347},
file = {:C$\backslash$:/Users/asasantana/AppData/Local/Mendeley Ltd./Mendeley Desktop/Downloaded/Mart{\'{i}}nez-Rodr{\'{i}}guez et al. - 2018 - VLSI design of trusted virtual sensors.pdf:pdf},
issn = {14248220},
journal = {Sensors (Switzerland)},
keywords = {CMOS integrated circuits,Data security,Hardware security,Physical unclonable function (PUF),Piecewise linear approximation,Virtual sensors},
mendeley-groups = {HDA},
number = {2},
pmid = {29370141},
title = {{VLSI design of trusted virtual sensors}},
volume = {18},
year = {2018}
}


@article{Yu2013,
author={M. Yu and David M'Raihi and S. Devadas and I. Verbauwhede},
file = {:C$\backslash$:/Users/asasantana/AppData/Local/Mendeley Ltd./Mendeley Desktop/Downloaded/Yu, Devadas - 2013 - Security and Reliability Properties of Syndrome Coding Techniques Used in PUF Key Generation.pdf:pdf},
journal = {GOMACTech},
keywords = {generation,key,physical unclonable function,puf,security properties,syndrome coding},
mendeley-groups = {HDA},
pages = {1-4},
title = {{Security and Reliability Properties of Syndrome Coding Techniques Used in PUF Key Generation}},
url = {http://www.cosic.esat.kuleuven.be/publications/article-2323.pdf},
year = {2013}
}


@ARTICLE{Hamming50,  author={R. W. {Hamming}},  journal={The Bell System Technical Journal},   title={Error detecting and error correcting codes},   year={1950},  volume={29},  number={2},  pages={147-160},  doi={10.1002/j.1538-7305.1950.tb00463.x}}

@misc{Hammingwiki,
mendeley-groups = {HDA},
title = {{File:Hamming(7,4).svg - Wikimedia Commons}},
url = {https://commons.wikimedia.org/wiki/File:Hamming(7,4).svg},
urldate = {2020-11-12}
}
@article{Koeberl2014,

author = {Koeberl, Patrick and Li, Jiangtao and Rajan, Anand and Wu, Wei},
doi = {10.1109/HST.2014.6855566},
file = {:C$\backslash$:/Users/asasantana/Downloads/06855566.pdf:pdf},
isbn = {9781479941148},
journal = {Proceedings of the 2014 IEEE International Symposium on Hardware-Oriented Security and Trust, HOST 2014},
keywords = {entropy loss analysis,fuzzy extractor,physically unclonable functions,secure key generation,system design},
mendeley-groups = {HDA},
pages = {44--49},
publisher = {IEEE},
title = {{Entropy loss in PUF-based key generation schemes: The repetition code pitfall}},
year = {2014}
}

@book{Huffman2003,
author = {Huffman, W. Cary and Pless, Vera},
booktitle = {Fundamentals of Error-Correcting Codes},
doi = {10.1017/cbo9780511807077},
file = {:C$\backslash$:/Users/asasantana/AppData/Local/Mendeley Ltd./Mendeley Desktop/Downloaded/Huffman, Pless - 2003 - Fundamentals of Error-Correcting Codes.pdf:pdf},
isbn = {9780521782807},
mendeley-groups = {HDA},
title = {{Fundamentals of Error-Correcting Codes}},
year = {2003}
}

@article{Abbe2020,

archivePrefix = {arXiv},
arxivId = {2002.03317},
author = {Abbe, Emmanuel and Shpilka, Amir and Ye, Min},
eprint = {2002.03317},
file = {:C$\backslash$:/Users/asasantana/AppData/Local/Mendeley Ltd./Mendeley Desktop/Downloaded/Abbe, Shpilka, Ye - 2020 - Reed-Muller Codes Theory and Algorithms.pdf:pdf},
journal = {arXiv},
mendeley-groups = {HDA},
publisher = {arXiv},
title = {{Reed-Muller Codes: Theory and Algorithms}},
url = {http://arxiv.org/abs/2002.03317},
year = {2020}
}

@misc{Guruswami2010,
author = {Guruswami, Venkatesan},
file = {:C$\backslash$:/Users/asasantana/Desktop/PUF analysis/PUF analysis/Graphs/notes6.pdf:pdf},
mendeley-groups = {HDA},
number = {February},
pages = {1--16},
title = {{Course Notes, Introduction to Coding theory: Reed-Solomon, BCH, Reed-Muller, and concatenated codes Reed-Solomon codes}},
url = {https://www.cs.cmu.edu/~venkatg/teaching/codingtheory/notes/notes6.pdf},
year = {2010}
}



@article{Hiller2013,
author = {Hiller, Matthias and Weiner, Michael and {Rodrigues Lima}, Leandro and Birkner, Maximilian and Sigl, Georg},
doi = {10.1145/2517300.2517304},
file = {:C$\backslash$:/Users/asasantana/Desktop/PUF analysis/PUF analysis/Graphs/2517300.2517304.pdf:pdf},
isbn = {9781450324861},
issn = {15437221},
journal = {Proceedings of the ACM Conference on Computer and Communications Security},
keywords = {convolutional code,differential sequence coding (dsc),error correction,fuzzy extractor,physical unclonable functions (pufs),syndrome coding,viterbi decoder},
mendeley-groups = {HDA},
pages = {43--54},
title = {{Breaking through fixed PUF block limitations with differential sequence coding and convolutional codes}},
year = {2013}
}

@article{Hiller2016,
author = {Hiller, Matthias and Yu, Meng Day Mandel and Sigl, Georg},
doi = {10.1109/TIFS.2016.2573766},
file = {:C$\backslash$:/Users/asasantana/Documents/07480444.pdf:pdf},
issn = {15566013},
journal = {IEEE Transactions on Information Forensics and Security},
keywords = {FPGA,Physical unclonable function (Puf),convolutional code,differential sequence coding (Dsc),error correction,syndrome coding,typicality},
mendeley-groups = {HDA},
number = {9},
pages = {2065--2076},
publisher = {IEEE},
title = {{Cherry-Picking Reliable PUF Bits with Differential Sequence Coding}},
volume = {11},
year = {2016}
}

@article{Maes2012pufky,

author = {Maes, Roel and {Van Herrewege}, Anthony and Verbauwhede, Ingrid},
doi = {10.1007/978-3-642-33027-8_18},
file = {:C$\backslash$:/Users/asasantana/Documents/article-2228.pdf:pdf},
isbn = {9783642330261},
issn = {03029743},
journal = {Lecture Notes in Computer Science},
keywords = {Cryptographic Key Generation,Fuzzy Extractors,Physically Unclonable Functions (PUFs)},
pages = {302--319},
title = {{PUFKY: A fully functional PUF-based cryptographic key generator}},
volume = {7428 LNCS},
year = {2012}
}


@article{Hiller2015,
author = {Hiller, Matthias and K{\"{u}}rzinger, Ludwig and Sigl, Georg and M{\"{u}}elich, Sven and Puchinger, Sven and Bossert, Martin},
doi = {10.1109/ISVLSI.2015.31},
file = {:C$\backslash$:/Users/asasantana/Documents/07309553.pdf:pdf},
isbn = {9781479987184},
issn = {21593477},
journal = {Proceedings of IEEE Computer Society Annual Symposium on VLSI, ISVLSI},
keywords = {Error Correction,FPGA,Generalized Concatenated Codes,Physical Unclonable Functions (PUFs),Reed Decoding,Reed-Muller Code,VLSI},
pages = {143--148},
title = {{Low-area reed decoding in a generalized concatenated code construction for PUFs}},
volume = {07-10-July-2015},
year = {2015}
}


@book{Johannesson2015,
address = {Hoboken, NJ, USA},
author = {Johannesson, Rolf and Zigangirov, Kamil Sh},
booktitle = {Fundamentals of Convolutional Coding: Second Edition},
doi = {10.1002/9781119098799},
editor = {Johannesson, Rolf and {Sh. Zigangirov}, Kamil},
file = {:C$\backslash$:/Users/asasantana/Documents/9781119098799.ch1.pdf:pdf},
isbn = {9781119098799},
mendeley-groups = {HDA},
publisher = {John Wiley {\&} Sons, Inc.},
title = {{Fundamentals of Convolutional Coding}},
year = {2015}
}










%% Architecture

@book{Singh2013,
author = {Singh, Jawar and Mohanty, Saraju and Pradhan, Dhiraj},
year = {2013},
month = {01},
pages = {},
title = {Robust SRAM Designs and Analysis},
isbn = {978-1-4614-0817-8},
doi = {10.1007/978-1-4614-0818-5}
}







%% SRAM PUF
@article{Intrinsic-ID_Reliability,
author = {Intrinsic-ID},
file = {:C$\backslash$:/Users/asasantana/AppData/Local/Mendeley Ltd./Mendeley Desktop/Downloaded/Intrinsic-ID - Unknown - The Reliability of SRAM PUF Securing Billions of IoT Devices with Reliable HW-based Keys that are Never Stored .pdf:pdf},
mendeley-groups = {General PUF,HDA},
title = {{The Reliability of SRAM PUF Securing Billions of IoT Devices with Reliable HW-based Keys that are Never Stored .}}
}

@article{Okumura2011,
author = {Okumura, Shunsuke and Yoshimoto, Shusuke and Kawaguchi, Hiroshi and Yoshimoto, Masahiko},
doi = {10.1109/ESSCIRC.2011.6044938},
file = {:C$\backslash$:/Users/asasantana/Documents/06044938.pdf:pdf},
isbn = {9781457707018},
issn = {19308833},
journal = {European Solid-State Circuits Conference},
mendeley-groups = {SRAM},
pages = {527--530},
publisher = {IEEE},
title = {{A 128-bit chip identification generating scheme exploiting SRAM bitcells with failure rate of 4.45 × 10-19}},
year = {2011}
}

@article{Hofer2010,
doi = {10.1007/978-3-642-15031-9_23},
file = {:C$\backslash$:/Users/asasantana/AppData/Local/Mendeley Ltd./Mendeley Desktop/Downloaded/Hofer, Boehm - 2010 - An alternative to error correction for SRAM-like PUFs.pdf:pdf},
isbn = {3642150306},
issn = {03029743},
journal = {Lecture Notes in Computer Science},
keywords = {Physical Unclonable Functions,Pre-Selection,SRAM},
mendeley-groups = {HDA,SRAM},
pages = {335--350},
title = {{An alternative to error correction for SRAM-like PUFs}},
volume = {6225 LNCS},
year = {2010}
}

@article{Zhang2020,

author = {Zhang, Xu and Jiang, Chunsheng and Gu, Ke and Zhong, Le and Fang, Wen and Dai, Gang},
doi = {10.3390/electronics9091498},
file = {:C$\backslash$:/Users/asasantana/Downloads/electronics-09-01498-v2.pdf:pdf},
issn = {20799292},
journal = {Electronics (Switzerland)},
keywords = {Chip fingerprint,Intra-chip hamming distance (HD{\_}intra),Power-on values,SRAM PUF,Stability,Total ionization dose},
mendeley-groups = {Selection},
number = {9},
pages = {1--16},
title = {{A novel SRAM PUF stability improvement method using ionization irradiation}},
volume = {9},
year = {2020}
}


@article{Shifman2018,
author = {Shifman, Yizhak and Miller, Avi and Keren, Osnat and Weizmann, Yoav and Shor, Joseph},
doi = {10.1109/LSSC.2018.2879216},
file = {:C$\backslash$:/Users/asasantana/Documents/08519616.pdf:pdf},
issn = {2573-9603},
journal = {IEEE Solid-State Circuits Letters},
keywords = {Physical unclonable function (PUF),SRAM,preselection},
mendeley-groups = {Selection},
number = {6},
pages = {138--141},
publisher = {Institute of Electrical and Electronics Engineers Inc.},
title = {{A Method to Improve Reliability in a 65-nm SRAM PUF Array}},
url = {https://ieeexplore.ieee.org/document/8519616/},
volume = {1},
year = {2018}
}


@article{Claes2012,
annote = {Standard Vdd and T variations in different chips with standard metrics},
author = {Claes, Mathias and {Van Der Leest}, Vincent and Braeken, An},
doi = {10.1007/978-3-642-29615-4_5},
file = {:C$\backslash$:/Users/asasantana/AppData/Local/Mendeley Ltd./Mendeley Desktop/Downloaded/Claes, Van Der Leest, Braeken - 2012 - Comparison of SRAM and FF PUF in 65nm technology.pdf:pdf},
isbn = {9783642296147},
issn = {03029743},
journal = {Lecture Notes in Computer Science},
keywords = {D flip-flop,Hardware Security,Physical Unclonable Function,SRAM},
mendeley-groups = {Metrics,Aging/Temperature},
pages = {47--64},
title = {{Comparison of SRAM and FF PUF in 65nm technology}},
volume = {7161 LNCS},
year = {2012}
}

@article{Cortez2013,
author = {Cortez, Mafalda and Hamdioui, Said and {Van Der Leest}, Vincent and Maes, Roel and Schrijen, Geert Jan},
doi = {10.1109/HST.2013.6581562},
file = {:C$\backslash$:/Users/asasantana/Documents/1345{\_}adapting{\_}voltage{\_}rampup{\_}time{\_}for{\_}temperature{\_}noise{\_}reducti.pdf:pdf},
isbn = {9781479906000},
journal = {Proceedings of the 2013 IEEE International Symposium on Hardware-Oriented Security and Trust, HOST 2013},
mendeley-groups = {Voltage ramp},
pages = {35--40},
title = {{Adapting voltage ramp-up time for temperature noise reduction on memory-based PUFs}},
year = {2013}
}

@article{Wang2018,
author = {Wang, Wendong and Singh, Adit and Guin, Ujjwal and Chatterjee, Abhijit},
doi = {10.1109/LATW.2018.8349685},
file = {:C$\backslash$:/Users/asasantana/Documents/LATS-2018.pdf:pdf},
isbn = {9781538614723},
journal = {2018 IEEE 19th Latin-American Test Symposium, LATS 2018},
keywords = {Ramp rate,SRAM PUF,Stability},
mendeley-groups = {Voltage ramp},
pages = {1--6},
title = {{Exploiting power supply ramp rate for calibrating cell strength in SRAM PUFs}},
volume = {2018-January},
year = {2018}
}

@book{Gray_analog_book,
author = {Gray, Paul R.},
title = {Analysis and Design of Analog Integrated Circuits},
year = {2009},
isbn = {0470245999},
publisher = {Wiley Publishing},
edition = {5th},
abstract = {The Fifth Edition of this academically rigorous text provides a comprehensive treatment of analog integrated circuit analysis and design starting from the basics and through current industrial practices. The authors combine bipolar, CMOS and BiCMOS analog integrated-circuit design into a unified treatment that stresses their commonalities and highlights their differences. The comprehensive coverage of the material will provide the student with valuable insights into the relative strengths and weaknesses of these important technologies.}
}






%%%%%%%%%%%%%%%%%Aging

@article{Kraak2018,
author = {Kraak, Daniel and Taouil, Mottaqiallah and Hamdioui, Said and Weckx, Pieter and Catthoor, Francky and Chatterjee, Abhijit and Singh, Adit and Wunderlich, Hans Joachim and Karimi, Naghmeh},
doi = {10.1109/ETS.2018.8400702},
isbn = {9781538637289},
issn = {15581780},
journal = {Proceedings of the European Test Workshop},
mendeley-groups = {Aging},
pages = {1--10},
title = {{Device aging: A reliability and security concern}},
volume = {2018-May},
year = {2018}
}

@article{Roelke2018,
author = {Roelke, Alec and Stan, Mircea R.},
doi = {10.1109/TVLSI.2018.2836154},
file = {:C$\backslash$:/Users/asasantana/AppData/Local/Mendeley Ltd./Mendeley Desktop/Downloaded/Roelke, Stan - 2018 - Controlling the reliability of SRAM PUFs with directed NBTI aging and recovery.pdf:pdf},
issn = {10638210},
journal = {IEEE Transactions on Very Large Scale Integration (VLSI) Systems},
keywords = {Aging,SRAM cells,authentication,negative-bias temperature instability (NBTI),physical unclonable function (PUF)},
mendeley-groups = {Aging},
number = {10},
pages = {2016--2026},
publisher = {Institute of Electrical and Electronics Engineers Inc.},
title = {{Controlling the reliability of SRAM PUFs with directed NBTI aging and recovery}},
volume = {26},
year = {2018}
}

@inproceedings{Garg2014,
booktitle = {Proceedings - IEEE International Symposium on Circuits and Systems},
doi = {10.1109/ISCAS.2014.6865541},
file = {:C$\backslash$:/Users/asasantana/Desktop/TFM/06865541.pdf:pdf},
isbn = {9781479934324},
issn = {02714310},
keywords = {Physical Unclonable Function (PUF),Static Random Access Memory (SRAM),device aging},
mendeley-groups = {Aging},
pages = {1941--1944},
publisher = {Institute of Electrical and Electronics Engineers Inc.},
title = {{Design of SRAM PUF with improved uniformity and reliability utilizing device aging effect}},
year = {2014}
}

@article{Maes2014,
author = {Maes, Roel and {Van Der Leest}, Vincent},
doi = {10.1109/HST.2014.6855586},
file = {:C$\backslash$:/Users/asasantana/AppData/Local/Mendeley Ltd./Mendeley Desktop/Downloaded/Maes, Van Der Leest - 2014 - Countering the effects of silicon aging on SRAM PUFs.pdf:pdf},
isbn = {9781479941148},
journal = {Proceedings of the 2014 IEEE International Symposium on Hardware-Oriented Security and Trust, HOST 2014},
mendeley-groups = {Aging},
pages = {148--153},
publisher = {IEEE},
title = {{Countering the effects of silicon aging on SRAM PUFs}},
year = {2014}
}

@inproceedings{Mispan2016,
booktitle = {2016 IEEE 22nd International Symposium on On-Line Testing and Robust System Design, IOLTS 2016},
doi = {10.1109/IOLTS.2016.7604680},
file = {:C$\backslash$:/Users/asasantana/AppData/Local/Mendeley Ltd./Mendeley Desktop/Downloaded/Mispan, Halak, Zwolinski - 2016 - NBTI aging evaluation of PUF-based differential architectures.pdf:pdf},
isbn = {9781509015061},
keywords = {Aging,Arbiter-PUF,Physical Unclonable Function (PUF),Subthreshold,Variability},
mendeley-groups = {Aging},
pages = {103--108},
publisher = {Institute of Electrical and Electronics Engineers Inc.},
title = {{NBTI aging evaluation of PUF-based differential architectures}},
year = {2016}
}

@article{JEDEC2010,
annote = {General stuff on aging mechanisms of CMOS},
author = {JEDEC},
file = {:C$\backslash$:/Users/asasantana/Downloads/10.1.1.478.4344.pdf:pdf},
journal = {Paper No. JEP},
mendeley-groups = {Aging},
number = {MARCH},
pages = {2010},
title = {{Failure Mechanisms and Models for Semiconductor Devices}},
volume = {122},
year = {2010}
}

@INPROCEEDINGS{Lee_aging_techniques,  author={Y. {Lee} and T. {Kim}},  booktitle={16th Asia and South Pacific Design Automation Conference (ASP-DAC 2011)},   title={A fine-grained technique of NBTI-aware voltage scaling and body biasing for standard cell based designs},   year={2011},  volume={},  number={},  pages={603-608},}

%BTI

@article{Schroder2003,
author = {Schroder, Dieter K. and Babcock, Jeff A.},
doi = {10.1063/1.1567461},
file = {:C$\backslash$:/Users/asasantana/Downloads/99b255aaa3226becb2180a41aef83c8d477d.pdf:pdf},
issn = {00218979},
journal = {Journal of Applied Physics},
mendeley-groups = {Aging},
number = {1},
pages = {1--18},
title = {{Negative bias temperature instability: Road to cross in deep submicron silicon semiconductor manufacturing}},
volume = {94},
year = {2003}
}



@inproceedings{Maes2012,
author = {Maes, Roel and Ro{\v{z}}i{\'{c}}, Vladimir and Verbauwhede, Ingrid and Koeberl, Patrick and {Van Der Sluis}, Erik and {Van Der Leest}, Vincent},
booktitle = {European Solid-State Circuits Conference},
doi = {10.1109/ESSCIRC.2012.6341361},
file = {:C$\backslash$:/Users/asasantana/Downloads/06341361.pdf:pdf},
isbn = {9781467322126},
issn = {19308833},
mendeley-groups = {Aging},
pages = {486--489},
title = {{Experimental evaluation of Physically Unclonable Functions in 65 nm CMOS}},
year = {2012}
}

@article{Stathis2018,
author = {Stathis, James H. and Mahapatra, Souvik and Grasser, Tibor},
doi = {10.1016/j.microrel.2017.12.035},
file = {:C$\backslash$:/Users/asasantana/Downloads/JB2018{\_}Grasser{\_}1.pdf:pdf},
issn = {00262714},
journal = {Microelectronics Reliability},
mendeley-groups = {Aging},
number = {November 2017},
pages = {244--251},
publisher = {Elsevier},
title = {{Controversial issues in negative bias temperature instability}},
volume = {81},
year = {2018}
}






@inproceedings{Roelke2016,

booktitle = {Proceedings of IEEE Computer Society Annual Symposium on VLSI, ISVLSI},
doi = {10.1109/ISVLSI.2016.68},
file = {:C$\backslash$:/Users/asasantana/AppData/Local/Mendeley Ltd./Mendeley Desktop/Downloaded/Roelke, Stan - 2016 - Attacking an SRAM-Based PUF through wearout.pdf:pdf},
isbn = {9781467390385},
issn = {21593477},
keywords = {Aging,PUF,SRAM,Wearout},
mendeley-groups = {Aging},
pages = {206--211},
publisher = {IEEE Computer Society},
title = {{Attacking an SRAM-Based PUF through wearout}},
volume = {2016-September},
year = {2016}
}


%HCI

@article{Sengupta2017,
author = {Sengupta, Deepashree and Sapatnekar, Sachin S.},
doi = {10.1109/TCAD.2017.2648840},
file = {:C$\backslash$:/Users/asasantana/Desktop/tcad17.pdf:pdf},
issn = {02780070},
journal = {IEEE Transactions on Computer-Aided Design of Integrated Circuits and Systems},
keywords = {Aging,bias temperature instability (BTI),hot carrier injection (HCI),ring oscillators (ROSCs),static timing analysis (STA)},
number = {10},
pages = {1688--1701},
title = {{Estimating Circuit Aging Due to BTI and HCI Using Ring-Oscillator-Based Sensors}},
volume = {36},
year = {2017}
}

@article{Bhargava2013,
annote = {good introduction},
author = {Bhargava, Mudit and Mai, Ken},
doi = {10.1007/978-3-642-40349-1-6},
file = {:C$\backslash$:/Users/asasantana/Desktop/2015-427.pdf:pdf},
isbn = {9783642403484},
issn = {03029743},
journal = {Lecture Notes in Computer Science},
mendeley-groups = {Aging},
pages = {90--106},
title = {{A high reliability PUF using hot carrier injection based response reinforcement}},
volume = {8086 LNCS},
year = {2013}
}
















%EM
@article{Lienig2018,

author = {Lienig, Jens and Thiele, Matthias},
doi = {10.1145/3177540.3177560},
file = {:C$\backslash$:/Users/asasantana/Downloads/ispd{\_}2018{\_}pp144{\_}151.pdf:pdf},
isbn = {9781450356268},
journal = {Proceedings of the International Symposium on Physical Design},
keywords = {Blech length,Current density,Electromigration,Interconnect reliability,Layout,Reservoir effect,Short-length effects,Short-line rules},
mendeley-groups = {Aging},
pages = {144--151},
title = {{The pressing need for electromigration-aware physical design}},
year = {2018}
}

%% MTSV

@inproceedings{Saraza-Canflanca2018,
author = {Saraza-Canflanca, P. and Malagon, D. and Passos, F. and Toro, A. and Nunez, J. and Diaz-Fortuny, J. and Castro-Lopez, R. and Roca, E. and Martin-Martinez, J. and Rodrizucz, R. and Nafria, M. and Fernandez, F. V.},
booktitle = {SMACD 2018 - 15th International Conference on Synthesis, Modeling, Analysis and Simulation Methods and Applications to Circuit Design},
doi = {10.1109/SMACD.2018.8434900},
isbn = {9781538651520},
mendeley-groups = {KIPT},
pages = {73--76},
publisher = {Institute of Electrical and Electronics Engineers Inc.},
title = {{Design Considerations of an SRAM Array for the Statistical Validation of Time-Dependent Variability Models}},
year = {2018}
}

@article{Kaczer2010,
author = {Kaczer, B. and Grasser, T. and Roussel, Ph J. and Franco, J. and Degraeve, R. and Ragnarsson, L. A. and Simoen, E. and Groeseneken, G. and Reisinger, H.},
doi = {10.1109/IRPS.2010.5488856},
file = {:C$\backslash$:/Users/usuario/Downloads/CP2010{\_}Kaczer{\_}1 (1).pdf:pdf},
isbn = {9781424454310},
issn = {15417026},
journal = {IEEE International Reliability Physics Symposium Proceedings},
keywords = {Negative Bias Temperature Instability,PFET,Random Telegraph Noise,Random dopant fluctuations,Variability},
mendeley-groups = {Aging/Temperature},
number = {June},
pages = {26--32},
title = {{Origin of NBTI variability in deeply scaled pFETs}},
year = {2010}
}


@article{Rangan2003,
author = {Rangan, Sanjay and Mielke, Neal and Yeh, Everett C.C.},
file = {:C$\backslash$:/Users/usuario/Documents/Art{\'{i}}culos/01269294.pdf:pdf},
isbn = {0780378725},
issn = {01631918},
journal = {Technical Digest - International Electron Devices Meeting},
mendeley-groups = {Aging/Temperature},
pages = {341--344},
title = {{Universal Recovery Behavior of Negative Bias Temperature Instability}},
year = {2003}
}









%% Previous

@article{Maiti2013,
author = {Maiti, Abhranil and Gunreddy, Vikash and Schaumont, Patrick},
doi = {10.1007/978-1-4614-1362-2_11},
file = {:C$\backslash$:/Users/asasantana/Desktop/TFM/2011-657.pdf:pdf},
isbn = {9781461413622},
journal = {Embedded Systems Design with FPGAs},
keywords = {arbiter,challenge,oscillator,parameter,performance,physical unclonable function,response,ring},
mendeley-groups = {General PUF},
pages = {245--267},
title = {{A systematic method to evaluate and compare the performance of physical unclonable functions}},
volume = {9781461413},
year = {2013}
}



@article{Baturone2015,
author = {Baturone, Iluminada and Prada-Delgado, Miguel A. and Eiroa, Susana},
doi = {10.1109/TIFS.2015.2471279},
file = {:C$\backslash$:/Users/asasantana/AppData/Local/Mendeley Ltd./Mendeley Desktop/Downloaded/Baturone, Prada-Delgado, Eiroa - 2015 - Improved Generation of Identifiers, Secret Keys, and Random Numbers From SRAMs.pdf:pdf},
issn = {15566013},
journal = {IEEE Transactions on Information Forensics and Security},
keywords = {PUFs,SRAMs,hardware security,random numbers},
mendeley-groups = {ECC,General PUF},
number = {12},
pages = {2653--2668},
publisher = {IEEE},
title = {{Improved Generation of Identifiers, Secret Keys, and Random Numbers From SRAMs}},
volume = {10},
year = {2015}
}
@article{Rafael2018,
author = {Rafael, Authors and L{\'{o}}pez, Castro and Malag{\'{o}}n, Daniel and Mart{\'{i}}n, Pablo and N{\'{u}}{\~{n}}ez, Juan and Passos, F{\'{a}}bio},
file = {:C$\backslash$:/Users/asasantana/AppData/Local/Mendeley Ltd./Mendeley Desktop/Downloaded/Rafael et al. - 2018 - KIPT USER GUIDE SRAM and Sense Amplifier Array.pdf:pdf},
mendeley-groups = {KIPT},
pages = {1--40},
title = {{KIPT USER GUIDE : SRAM and Sense Amplifier Array}},
year = {2018}
}

@INPROCEEDINGS{kipt,  author={P. {Saraza-Canflanca} and D. {Malagon} and F. {Passos} and A. {Toro} and J. {Nuñez} and J. {Diaz-Fortuny} and R. {Castro-Lopez} and E. {Roca} and J. {Martin-Martinez} and R. {Rodriguez} and M. {Nafria} and F. V. {Fernandez}},  booktitle={2018 15th International Conference on Synthesis, Modeling, Analysis and Simulation Methods and Applications to Circuit Design (SMACD)},   title={Design Considerations of an SRAM Array for the Statistical Validation of Time-Dependent Variability Models},   year={2018},  volume={},  number={},  pages={73-76},}

@INPROCEEDINGS{mtsv,  author={P. {Saraza-Canflanca} and H. {Carrasco-Lopez} and P. {Brox} and R. {Castro-Lopez} and E. {Roca} and F. V. {Fernandez}},  booktitle={2020 15th Design   Technology of Integrated Systems in Nanoscale Era (DTIS)},   title={Improving the reliability of SRAM-based PUFs in the presence of aging},   year={2020},  volume={},  number={},  pages={1-6},}

%Exp

@article{Schrijen2012,
annote = {Multiple SRAM's performances compared. IntraHD and HW. Measured uniqueness by doing a gaussian fit to the InterHD values.},
author = {Schrijen, Geert Jan and {Van Der Leest}, Vincent},
doi = {10.1109/date.2012.6176696},
file = {:C$\backslash$:/Users/asasantana/AppData/Local/Mendeley Ltd./Mendeley Desktop/Downloaded/Schrijen, Van Der Leest - 2012 - Comparative analysis of SRAM memories used as PUF primitives.pdf:pdf},
isbn = {9783981080186},
issn = {15301591},
journal = {Proceedings -Design, Automation and Test in Europe, DATE},
mendeley-groups = {Metrics,Aging/Temperature},
pages = {1319--1324},
title = {{Comparative analysis of SRAM memories used as PUF primitives}},
year = {2012}
}

@article{Kusters2019,
author = {Kusters, Lieneke and Willems, Frans M.J.},
doi = {10.1109/WIFS47025.2019.9035094},
file = {:C$\backslash$:/Users/asasantana/Desktop/09035094.pdf:pdf},
isbn = {9781728132174},
journal = {2019 IEEE International Workshop on Information Forensics and Security, WIFS 2019},
mendeley-groups = {Selection},
publisher = {IEEE},
title = {{Debiasing of SRAM PUFs: Selection and Balancing}},
year = {2019}
}
